%YAML 1.1
%TAG !u! tag:unity3d.com,2011:
--- !u!29 &1
OcclusionCullingSettings:
  m_ObjectHideFlags: 0
  serializedVersion: 2
  m_OcclusionBakeSettings:
    smallestOccluder: 5
    smallestHole: 0.25
    backfaceThreshold: 100
  m_SceneGUID: 00000000000000000000000000000000
  m_OcclusionCullingData: {fileID: 0}
--- !u!104 &2
RenderSettings:
  m_ObjectHideFlags: 0
  serializedVersion: 9
  m_Fog: 0
  m_FogColor: {r: 0.5, g: 0.5, b: 0.5, a: 1}
  m_FogMode: 3
  m_FogDensity: 0.01
  m_LinearFogStart: 0
  m_LinearFogEnd: 300
  m_AmbientSkyColor: {r: 0.212, g: 0.227, b: 0.259, a: 1}
  m_AmbientEquatorColor: {r: 0.114, g: 0.125, b: 0.133, a: 1}
  m_AmbientGroundColor: {r: 0.047, g: 0.043, b: 0.035, a: 1}
  m_AmbientIntensity: 1
  m_AmbientMode: 0
  m_SubtractiveShadowColor: {r: 0.42, g: 0.478, b: 0.627, a: 1}
  m_SkyboxMaterial: {fileID: 10304, guid: 0000000000000000f000000000000000, type: 0}
  m_HaloStrength: 0.5
  m_FlareStrength: 1
  m_FlareFadeSpeed: 3
  m_HaloTexture: {fileID: 0}
  m_SpotCookie: {fileID: 10001, guid: 0000000000000000e000000000000000, type: 0}
  m_DefaultReflectionMode: 0
  m_DefaultReflectionResolution: 128
  m_ReflectionBounces: 1
  m_ReflectionIntensity: 1
  m_CustomReflection: {fileID: 0}
  m_Sun: {fileID: 0}
  m_IndirectSpecularColor: {r: 0.44657892, g: 0.4964128, b: 0.5748173, a: 1}
  m_UseRadianceAmbientProbe: 0
--- !u!157 &3
LightmapSettings:
  m_ObjectHideFlags: 0
  serializedVersion: 11
  m_GIWorkflowMode: 0
  m_GISettings:
    serializedVersion: 2
    m_BounceScale: 1
    m_IndirectOutputScale: 1
    m_AlbedoBoost: 1
    m_TemporalCoherenceThreshold: 1
    m_EnvironmentLightingMode: 0
    m_EnableBakedLightmaps: 1
    m_EnableRealtimeLightmaps: 1
  m_LightmapEditorSettings:
    serializedVersion: 10
    m_Resolution: 2
    m_BakeResolution: 40
    m_AtlasSize: 1024
    m_AO: 0
    m_AOMaxDistance: 1
    m_CompAOExponent: 1
    m_CompAOExponentDirect: 0
    m_Padding: 2
    m_LightmapParameters: {fileID: 0}
    m_LightmapsBakeMode: 1
    m_TextureCompression: 1
    m_FinalGather: 0
    m_FinalGatherFiltering: 1
    m_FinalGatherRayCount: 256
    m_ReflectionCompression: 2
    m_MixedBakeMode: 2
    m_BakeBackend: 1
    m_PVRSampling: 1
    m_PVRDirectSampleCount: 32
    m_PVRSampleCount: 500
    m_PVRBounces: 2
    m_PVRFilterTypeDirect: 0
    m_PVRFilterTypeIndirect: 0
    m_PVRFilterTypeAO: 0
    m_PVRFilteringMode: 1
    m_PVRCulling: 1
    m_PVRFilteringGaussRadiusDirect: 1
    m_PVRFilteringGaussRadiusIndirect: 5
    m_PVRFilteringGaussRadiusAO: 2
    m_PVRFilteringAtrousPositionSigmaDirect: 0.5
    m_PVRFilteringAtrousPositionSigmaIndirect: 2
    m_PVRFilteringAtrousPositionSigmaAO: 1
    m_ShowResolutionOverlay: 1
  m_LightingDataAsset: {fileID: 0}
  m_UseShadowmask: 1
--- !u!196 &4
NavMeshSettings:
  serializedVersion: 2
  m_ObjectHideFlags: 0
  m_BuildSettings:
    serializedVersion: 2
    agentTypeID: 0
    agentRadius: 0.5
    agentHeight: 2
    agentSlope: 45
    agentClimb: 0.4
    ledgeDropHeight: 0
    maxJumpAcrossDistance: 0
    minRegionArea: 2
    manualCellSize: 0
    cellSize: 0.16666667
    manualTileSize: 0
    tileSize: 256
    accuratePlacement: 0
    debug:
      m_Flags: 0
  m_NavMeshData: {fileID: 0}
--- !u!4 &194418439 stripped
Transform:
  m_PrefabParentObject: {fileID: 4650389630417916, guid: b200fad7efdbbaf4f995c17ca075ed40,
    type: 2}
  m_PrefabInternal: {fileID: 1600511375}
--- !u!1001 &303805959
Prefab:
  m_ObjectHideFlags: 0
  serializedVersion: 2
  m_Modification:
    m_TransformParent: {fileID: 0}
    m_Modifications:
    - target: {fileID: 4953623291979968, guid: 4debef1a5c725bb479cf20930573ec0e, type: 2}
      propertyPath: m_LocalPosition.x
      value: 6.068
      objectReference: {fileID: 0}
    - target: {fileID: 4953623291979968, guid: 4debef1a5c725bb479cf20930573ec0e, type: 2}
      propertyPath: m_LocalPosition.y
      value: 3.628
      objectReference: {fileID: 0}
    - target: {fileID: 4953623291979968, guid: 4debef1a5c725bb479cf20930573ec0e, type: 2}
      propertyPath: m_LocalPosition.z
      value: -0.28599998
      objectReference: {fileID: 0}
    - target: {fileID: 4953623291979968, guid: 4debef1a5c725bb479cf20930573ec0e, type: 2}
      propertyPath: m_LocalRotation.x
      value: -0.015066067
      objectReference: {fileID: 0}
    - target: {fileID: 4953623291979968, guid: 4debef1a5c725bb479cf20930573ec0e, type: 2}
      propertyPath: m_LocalRotation.y
      value: -0.055078715
      objectReference: {fileID: 0}
    - target: {fileID: 4953623291979968, guid: 4debef1a5c725bb479cf20930573ec0e, type: 2}
      propertyPath: m_LocalRotation.z
      value: -0.00083117606
      objectReference: {fileID: 0}
    - target: {fileID: 4953623291979968, guid: 4debef1a5c725bb479cf20930573ec0e, type: 2}
      propertyPath: m_LocalRotation.w
      value: 0.998368
      objectReference: {fileID: 0}
    - target: {fileID: 4953623291979968, guid: 4debef1a5c725bb479cf20930573ec0e, type: 2}
      propertyPath: m_RootOrder
      value: 8
      objectReference: {fileID: 0}
    - target: {fileID: 1530142151905208, guid: 4debef1a5c725bb479cf20930573ec0e, type: 2}
      propertyPath: m_IsActive
      value: 1
      objectReference: {fileID: 0}
    - target: {fileID: 114088234430225576, guid: 4debef1a5c725bb479cf20930573ec0e,
        type: 2}
      propertyPath: m_BindingMode
      value: 3
      objectReference: {fileID: 0}
    - target: {fileID: 114780927786251238, guid: 4debef1a5c725bb479cf20930573ec0e,
        type: 2}
      propertyPath: m_Follow
      value: 
      objectReference: {fileID: 1394104402}
    - target: {fileID: 114780927786251238, guid: 4debef1a5c725bb479cf20930573ec0e,
        type: 2}
      propertyPath: m_LookAt
      value: 
      objectReference: {fileID: 194418439}
    - target: {fileID: 114088234430225576, guid: 4debef1a5c725bb479cf20930573ec0e,
        type: 2}
      propertyPath: m_FollowOffset.y
      value: 1.05
      objectReference: {fileID: 0}
    - target: {fileID: 114088234430225576, guid: 4debef1a5c725bb479cf20930573ec0e,
        type: 2}
      propertyPath: m_FollowOffset.x
      value: 0.45
      objectReference: {fileID: 0}
    - target: {fileID: 114088234430225576, guid: 4debef1a5c725bb479cf20930573ec0e,
        type: 2}
      propertyPath: m_FollowOffset.z
      value: -0.29
      objectReference: {fileID: 0}
    m_RemovedComponents: []
  m_ParentPrefab: {fileID: 100100000, guid: 4debef1a5c725bb479cf20930573ec0e, type: 2}
  m_IsPrefabParent: 0
--- !u!1 &303805960
GameObject:
  m_ObjectHideFlags: 0
  m_PrefabParentObject: {fileID: 1530142151905208, guid: 4debef1a5c725bb479cf20930573ec0e,
    type: 2}
  m_PrefabInternal: {fileID: 303805959}
  serializedVersion: 5
  m_Component:
  - component: {fileID: 303805963}
  - component: {fileID: 303805962}
  - component: {fileID: 303805961}
  m_Layer: 0
  m_Name: CM vcam2
  m_TagString: Untagged
  m_Icon: {fileID: 0}
  m_NavMeshLayer: 0
  m_StaticEditorFlags: 0
  m_IsActive: 1
--- !u!95 &303805961
Animator:
  serializedVersion: 3
  m_ObjectHideFlags: 0
  m_PrefabParentObject: {fileID: 0}
  m_PrefabInternal: {fileID: 0}
  m_GameObject: {fileID: 303805960}
  m_Enabled: 1
  m_Avatar: {fileID: 0}
  m_Controller: {fileID: 0}
  m_CullingMode: 0
  m_UpdateMode: 0
  m_ApplyRootMotion: 1
  m_LinearVelocityBlending: 0
  m_WarningMessage: 
  m_HasTransformHierarchy: 1
  m_AllowConstantClipSamplingOptimization: 1
  m_KeepAnimatorControllerStateOnDisable: 0
--- !u!114 &303805962
MonoBehaviour:
  m_ObjectHideFlags: 0
  m_PrefabParentObject: {fileID: 114780927786251238, guid: 4debef1a5c725bb479cf20930573ec0e,
    type: 2}
  m_PrefabInternal: {fileID: 303805959}
  m_GameObject: {fileID: 303805960}
  m_Enabled: 1
  m_EditorHideFlags: 0
  m_Script: {fileID: 11500000, guid: 45e653bab7fb20e499bda25e1b646fea, type: 3}
  m_Name: 
  m_EditorClassIdentifier: 
  m_HideHeaderInInspector: 0
  m_ExcludedPropertiesInInspector:
  - m_Script
  m_LockStageInInspector: 
  m_Priority: 10
  m_LookAt: {fileID: 194418439}
  m_Follow: {fileID: 1394104402}
  m_Lens:
    FieldOfView: 40
    OrthographicSize: 10
    NearClipPlane: 0.1
    FarClipPlane: 5000
    Dutch: 0
  m_ComponentOwner: {fileID: 602523916}
--- !u!4 &303805963
Transform:
  m_ObjectHideFlags: 0
  m_PrefabParentObject: {fileID: 4953623291979968, guid: 4debef1a5c725bb479cf20930573ec0e,
    type: 2}
  m_PrefabInternal: {fileID: 303805959}
  m_GameObject: {fileID: 303805960}
  m_LocalRotation: {x: -0.2892786, y: -0.70571667, z: -0.4046208, w: 0.50454336}
  m_LocalPosition: {x: 5.71, y: 3.61, z: 6.8075686}
  m_LocalScale: {x: 1, y: 1, z: 1}
  m_Children:
  - {fileID: 602523916}
  m_Father: {fileID: 0}
  m_RootOrder: 8
  m_LocalEulerAnglesHint: {x: 0, y: 0, z: 0}
--- !u!1 &602523915
GameObject:
  m_ObjectHideFlags: 3
  m_PrefabParentObject: {fileID: 1704297150027786, guid: 4debef1a5c725bb479cf20930573ec0e,
    type: 2}
  m_PrefabInternal: {fileID: 303805959}
  serializedVersion: 5
  m_Component:
  - component: {fileID: 602523916}
  - component: {fileID: 602523919}
  - component: {fileID: 602523918}
  - component: {fileID: 602523917}
  m_Layer: 0
  m_Name: cm
  m_TagString: Untagged
  m_Icon: {fileID: 0}
  m_NavMeshLayer: 0
  m_StaticEditorFlags: 0
  m_IsActive: 1
--- !u!4 &602523916
Transform:
  m_ObjectHideFlags: 3
  m_PrefabParentObject: {fileID: 4426490298131366, guid: 4debef1a5c725bb479cf20930573ec0e,
    type: 2}
  m_PrefabInternal: {fileID: 303805959}
  m_GameObject: {fileID: 602523915}
  m_LocalRotation: {x: -0, y: -0, z: -0, w: 1}
  m_LocalPosition: {x: 0, y: 0, z: 0}
  m_LocalScale: {x: 1, y: 1, z: 1}
  m_Children: []
  m_Father: {fileID: 303805963}
  m_RootOrder: 0
  m_LocalEulerAnglesHint: {x: 0, y: 0, z: 0}
--- !u!114 &602523917
MonoBehaviour:
  m_ObjectHideFlags: 3
  m_PrefabParentObject: {fileID: 114088234430225576, guid: 4debef1a5c725bb479cf20930573ec0e,
    type: 2}
  m_PrefabInternal: {fileID: 303805959}
  m_GameObject: {fileID: 602523915}
  m_Enabled: 1
  m_EditorHideFlags: 0
  m_Script: {fileID: 11500000, guid: fa7155796051b734daa718462081dc5f, type: 3}
  m_Name: 
  m_EditorClassIdentifier: 
  m_FollowOffset: {x: 0.45, y: 1.05, z: -0.29}
  m_XDamping: 1
  m_YDamping: 1
  m_ZDamping: 1
  m_BindingMode: 3
--- !u!114 &602523918
MonoBehaviour:
  m_ObjectHideFlags: 3
  m_PrefabParentObject: {fileID: 114820664088151232, guid: 4debef1a5c725bb479cf20930573ec0e,
    type: 2}
  m_PrefabInternal: {fileID: 303805959}
  m_GameObject: {fileID: 602523915}
  m_Enabled: 1
  m_EditorHideFlags: 0
  m_Script: {fileID: 11500000, guid: f4044717213e31446939f7bd49c896ea, type: 3}
  m_Name: 
  m_EditorClassIdentifier: 
  m_ShowGuides: 1
  m_TrackedObjectOffset: {x: 0, y: 0, z: 0}
  m_HorizontalDamping: 0.5
  m_VerticalDamping: 0.5
  m_ScreenX: 0.5
  m_ScreenY: 0.5
  m_DeadZoneWidth: 0.1
  m_DeadZoneHeight: 0.1
  m_SoftZoneWidth: 0.8
  m_SoftZoneHeight: 0.8
  m_BiasX: 0
  m_BiasY: 0
--- !u!114 &602523919
MonoBehaviour:
  m_ObjectHideFlags: 3
  m_PrefabParentObject: {fileID: 114686268483851564, guid: 4debef1a5c725bb479cf20930573ec0e,
    type: 2}
  m_PrefabInternal: {fileID: 303805959}
  m_GameObject: {fileID: 602523915}
  m_Enabled: 1
  m_EditorHideFlags: 0
  m_Script: {fileID: 11500000, guid: ac0b09e7857660247b1477e93731de29, type: 3}
  m_Name: 
  m_EditorClassIdentifier: 
--- !u!1 &980881894 stripped
GameObject:
  m_PrefabParentObject: {fileID: 1069945618768738, guid: 3124326d0318e6a44a4dcf684cdbbfd7,
    type: 2}
  m_PrefabInternal: {fileID: 1394104401}
--- !u!320 &980881895
PlayableDirector:
  m_ObjectHideFlags: 0
  m_PrefabParentObject: {fileID: 0}
  m_PrefabInternal: {fileID: 0}
  m_GameObject: {fileID: 980881894}
  m_Enabled: 1
  serializedVersion: 3
  m_PlayableAsset: {fileID: 11400000, guid: f9bf04687bf37f846bec6757170f82eb, type: 2}
  m_InitialState: 1
  m_WrapMode: 2
  m_DirectorUpdateMode: 1
  m_InitialTime: 0
  m_SceneBindings:
  - key: {fileID: 114094502706096152, guid: f9bf04687bf37f846bec6757170f82eb, type: 2}
    value: {fileID: 980881894}
  - key: {fileID: 0}
    value: {fileID: 1692283397}
  - key: {fileID: 0}
    value: {fileID: 1692283397}
  - key: {fileID: 0}
    value: {fileID: 1543678107}
  - key: {fileID: 0}
    value: {fileID: 1543678107}
  - key: {fileID: 0}
    value: {fileID: 0}
  - key: {fileID: 0}
    value: {fileID: 1543678107}
  - key: {fileID: 114196137750839830, guid: f9bf04687bf37f846bec6757170f82eb, type: 2}
    value: {fileID: 1692283397}
  - key: {fileID: 114246497915787962, guid: f9bf04687bf37f846bec6757170f82eb, type: 2}
    value: {fileID: 0}
  - key: {fileID: 0}
    value: {fileID: 0}
  - key: {fileID: 0}
    value: {fileID: 1844590483}
  - key: {fileID: 114605242215829732, guid: f9bf04687bf37f846bec6757170f82eb, type: 2}
    value: {fileID: 1844590483}
  m_ExposedReferences:
    m_References:
    - f3ffe4ab7230b37478db523114cd1870: {fileID: 1543678108}
    - 7ad9c2412254f7249949c48730479c37: {fileID: 303805962}
--- !u!1 &1096713359
GameObject:
  m_ObjectHideFlags: 0
  m_PrefabParentObject: {fileID: 0}
  m_PrefabInternal: {fileID: 0}
  serializedVersion: 5
  m_Component:
  - component: {fileID: 1096713363}
  - component: {fileID: 1096713362}
  - component: {fileID: 1096713361}
  - component: {fileID: 1096713360}
  m_Layer: 0
  m_Name: Cube
  m_TagString: Untagged
  m_Icon: {fileID: 0}
  m_NavMeshLayer: 0
  m_StaticEditorFlags: 0
  m_IsActive: 1
--- !u!65 &1096713360
BoxCollider:
  m_ObjectHideFlags: 0
  m_PrefabParentObject: {fileID: 0}
  m_PrefabInternal: {fileID: 0}
  m_GameObject: {fileID: 1096713359}
  m_Material: {fileID: 0}
  m_IsTrigger: 0
  m_Enabled: 1
  serializedVersion: 2
  m_Size: {x: 1, y: 1, z: 1}
  m_Center: {x: 0, y: 0, z: 0}
--- !u!23 &1096713361
MeshRenderer:
  m_ObjectHideFlags: 0
  m_PrefabParentObject: {fileID: 0}
  m_PrefabInternal: {fileID: 0}
  m_GameObject: {fileID: 1096713359}
  m_Enabled: 1
  m_CastShadows: 1
  m_ReceiveShadows: 1
  m_DynamicOccludee: 1
  m_MotionVectors: 1
  m_LightProbeUsage: 1
  m_ReflectionProbeUsage: 1
  m_RenderingLayerMask: 4294967295
  m_Materials:
  - {fileID: 10303, guid: 0000000000000000f000000000000000, type: 0}
  m_StaticBatchInfo:
    firstSubMesh: 0
    subMeshCount: 0
  m_StaticBatchRoot: {fileID: 0}
  m_ProbeAnchor: {fileID: 0}
  m_LightProbeVolumeOverride: {fileID: 0}
  m_ScaleInLightmap: 1
  m_PreserveUVs: 0
  m_IgnoreNormalsForChartDetection: 0
  m_ImportantGI: 0
  m_StitchLightmapSeams: 0
  m_SelectedEditorRenderState: 3
  m_MinimumChartSize: 4
  m_AutoUVMaxDistance: 0.5
  m_AutoUVMaxAngle: 89
  m_LightmapParameters: {fileID: 0}
  m_SortingLayerID: 0
  m_SortingLayer: 0
  m_SortingOrder: 0
--- !u!33 &1096713362
MeshFilter:
  m_ObjectHideFlags: 0
  m_PrefabParentObject: {fileID: 0}
  m_PrefabInternal: {fileID: 0}
  m_GameObject: {fileID: 1096713359}
  m_Mesh: {fileID: 10202, guid: 0000000000000000e000000000000000, type: 0}
--- !u!4 &1096713363
Transform:
  m_ObjectHideFlags: 0
  m_PrefabParentObject: {fileID: 0}
  m_PrefabInternal: {fileID: 0}
  m_GameObject: {fileID: 1096713359}
  m_LocalRotation: {x: 0, y: 0, z: 0, w: 1}
  m_LocalPosition: {x: 4.774185, y: 2.05, z: 3.73}
  m_LocalScale: {x: 5, y: 1, z: 10}
  m_Children: []
  m_Father: {fileID: 0}
  m_RootOrder: 7
  m_LocalEulerAnglesHint: {x: 0, y: 0, z: 0}
--- !u!1 &1305061786
GameObject:
  m_ObjectHideFlags: 3
  m_PrefabParentObject: {fileID: 0}
  m_PrefabInternal: {fileID: 0}
  serializedVersion: 5
  m_Component:
  - component: {fileID: 1305061787}
  - component: {fileID: 1305061790}
  - component: {fileID: 1305061789}
  - component: {fileID: 1305061788}
  m_Layer: 0
  m_Name: cm
  m_TagString: Untagged
  m_Icon: {fileID: 0}
  m_NavMeshLayer: 0
  m_StaticEditorFlags: 0
  m_IsActive: 1
--- !u!4 &1305061787
Transform:
  m_ObjectHideFlags: 3
  m_PrefabParentObject: {fileID: 0}
  m_PrefabInternal: {fileID: 0}
  m_GameObject: {fileID: 1305061786}
  m_LocalRotation: {x: -0, y: -0, z: -0, w: 1}
  m_LocalPosition: {x: 0, y: 0, z: 0}
  m_LocalScale: {x: 1, y: 1, z: 1}
  m_Children: []
  m_Father: {fileID: 1543678109}
  m_RootOrder: 0
  m_LocalEulerAnglesHint: {x: 0, y: 0, z: 0}
--- !u!114 &1305061788
MonoBehaviour:
  m_ObjectHideFlags: 3
  m_PrefabParentObject: {fileID: 0}
  m_PrefabInternal: {fileID: 0}
  m_GameObject: {fileID: 1305061786}
  m_Enabled: 1
  m_EditorHideFlags: 0
  m_Script: {fileID: 11500000, guid: fa7155796051b734daa718462081dc5f, type: 3}
  m_Name: 
  m_EditorClassIdentifier: 
  m_FollowOffset: {x: 10, y: 0, z: 0}
  m_XDamping: 1
  m_YDamping: 1
  m_ZDamping: 1
  m_BindingMode: 1
--- !u!114 &1305061789
MonoBehaviour:
  m_ObjectHideFlags: 3
  m_PrefabParentObject: {fileID: 0}
  m_PrefabInternal: {fileID: 0}
  m_GameObject: {fileID: 1305061786}
  m_Enabled: 1
  m_EditorHideFlags: 0
  m_Script: {fileID: 11500000, guid: 0f7633c93f0364a418841eeb8b058634, type: 3}
  m_Name: 
  m_EditorClassIdentifier: 
  m_ShowGuides: 1
  m_TrackedObjectOffset: {x: 0, y: 0, z: 0}
  m_HorizontalDamping: 34.4
  m_VerticalDamping: 36.1
  m_ScreenX: 0.5
  m_ScreenY: 0.5
  m_DeadZoneWidth: 0.1
  m_DeadZoneHeight: 0.1
  m_SoftZoneWidth: 0.8
  m_SoftZoneHeight: 0.8
  m_BiasX: 0
  m_BiasY: 0
  m_GroupFramingSize: 0.8
  m_FramingMode: 2
  m_FrameDamping: 2
  m_AdjustmentMode: 2
  m_MaxDollyIn: 5000
  m_MaxDollyOut: 5000
  m_MinimumDistance: 5
  m_MaximumDistance: 5000
  m_MinimumFOV: 3
  m_MaximumFOV: 60
--- !u!114 &1305061790
MonoBehaviour:
  m_ObjectHideFlags: 3
  m_PrefabParentObject: {fileID: 0}
  m_PrefabInternal: {fileID: 0}
  m_GameObject: {fileID: 1305061786}
  m_Enabled: 1
  m_EditorHideFlags: 0
  m_Script: {fileID: 11500000, guid: ac0b09e7857660247b1477e93731de29, type: 3}
  m_Name: 
  m_EditorClassIdentifier: 
--- !u!1001 &1394104401
Prefab:
  m_ObjectHideFlags: 0
  serializedVersion: 2
  m_Modification:
    m_TransformParent: {fileID: 0}
    m_Modifications:
    - target: {fileID: 4893508502620702, guid: 3124326d0318e6a44a4dcf684cdbbfd7, type: 2}
      propertyPath: m_LocalPosition.x
      value: 5.618
      objectReference: {fileID: 0}
    - target: {fileID: 4893508502620702, guid: 3124326d0318e6a44a4dcf684cdbbfd7, type: 2}
      propertyPath: m_LocalPosition.y
      value: 2.578
      objectReference: {fileID: 0}
    - target: {fileID: 4893508502620702, guid: 3124326d0318e6a44a4dcf684cdbbfd7, type: 2}
      propertyPath: m_LocalPosition.z
      value: 0.004
      objectReference: {fileID: 0}
    - target: {fileID: 4893508502620702, guid: 3124326d0318e6a44a4dcf684cdbbfd7, type: 2}
      propertyPath: m_LocalRotation.x
      value: 0
      objectReference: {fileID: 0}
    - target: {fileID: 4893508502620702, guid: 3124326d0318e6a44a4dcf684cdbbfd7, type: 2}
      propertyPath: m_LocalRotation.y
      value: 0
      objectReference: {fileID: 0}
    - target: {fileID: 4893508502620702, guid: 3124326d0318e6a44a4dcf684cdbbfd7, type: 2}
      propertyPath: m_LocalRotation.z
      value: 0
      objectReference: {fileID: 0}
    - target: {fileID: 4893508502620702, guid: 3124326d0318e6a44a4dcf684cdbbfd7, type: 2}
      propertyPath: m_LocalRotation.w
      value: 1
      objectReference: {fileID: 0}
    - target: {fileID: 4893508502620702, guid: 3124326d0318e6a44a4dcf684cdbbfd7, type: 2}
      propertyPath: m_RootOrder
      value: 3
      objectReference: {fileID: 0}
    - target: {fileID: 4367135920150388, guid: 3124326d0318e6a44a4dcf684cdbbfd7, type: 2}
      propertyPath: m_LocalPosition.y
      value: 1.4128
      objectReference: {fileID: 0}
    - target: {fileID: 4367135920150388, guid: 3124326d0318e6a44a4dcf684cdbbfd7, type: 2}
      propertyPath: m_LocalPosition.x
      value: -0.041817
      objectReference: {fileID: 0}
    - target: {fileID: 4367135920150388, guid: 3124326d0318e6a44a4dcf684cdbbfd7, type: 2}
      propertyPath: m_LocalPosition.z
      value: -0.064415
      objectReference: {fileID: 0}
    - target: {fileID: 4809576972966734, guid: 3124326d0318e6a44a4dcf684cdbbfd7, type: 2}
      propertyPath: m_LocalPosition.y
      value: 0.487
      objectReference: {fileID: 0}
    - target: {fileID: 4728235566948584, guid: 3124326d0318e6a44a4dcf684cdbbfd7, type: 2}
      propertyPath: m_LocalRotation.y
      value: 0.0061853616
      objectReference: {fileID: 0}
    - target: {fileID: 4728235566948584, guid: 3124326d0318e6a44a4dcf684cdbbfd7, type: 2}
      propertyPath: m_LocalRotation.w
      value: 0.11948778
      objectReference: {fileID: 0}
    - target: {fileID: 4893508502620702, guid: 3124326d0318e6a44a4dcf684cdbbfd7, type: 2}
      propertyPath: m_LocalEulerAnglesHint.x
      value: 0
      objectReference: {fileID: 0}
    - target: {fileID: 4802685909730026, guid: 3124326d0318e6a44a4dcf684cdbbfd7, type: 2}
      propertyPath: m_LocalRotation.x
      value: 0.0000000625353
      objectReference: {fileID: 0}
    - target: {fileID: 4802685909730026, guid: 3124326d0318e6a44a4dcf684cdbbfd7, type: 2}
      propertyPath: m_LocalRotation.y
      value: 1.8068572e-10
      objectReference: {fileID: 0}
    - target: {fileID: 4802685909730026, guid: 3124326d0318e6a44a4dcf684cdbbfd7, type: 2}
      propertyPath: m_LocalRotation.z
      value: -0.0491718
      objectReference: {fileID: 0}
    - target: {fileID: 4802685909730026, guid: 3124326d0318e6a44a4dcf684cdbbfd7, type: 2}
      propertyPath: m_LocalRotation.w
      value: -0.9987903
      objectReference: {fileID: 0}
    - target: {fileID: 4287479603176984, guid: 3124326d0318e6a44a4dcf684cdbbfd7, type: 2}
      propertyPath: m_LocalRotation.x
      value: -0.013585392
      objectReference: {fileID: 0}
    - target: {fileID: 4287479603176984, guid: 3124326d0318e6a44a4dcf684cdbbfd7, type: 2}
      propertyPath: m_LocalRotation.y
      value: 0.44212472
      objectReference: {fileID: 0}
    - target: {fileID: 4287479603176984, guid: 3124326d0318e6a44a4dcf684cdbbfd7, type: 2}
      propertyPath: m_LocalRotation.z
      value: -0.053654827
      objectReference: {fileID: 0}
    - target: {fileID: 4287479603176984, guid: 3124326d0318e6a44a4dcf684cdbbfd7, type: 2}
      propertyPath: m_LocalRotation.w
      value: 0.89524436
      objectReference: {fileID: 0}
    - target: {fileID: 4659295964541038, guid: 3124326d0318e6a44a4dcf684cdbbfd7, type: 2}
      propertyPath: m_LocalRotation.x
      value: 0.021527786
      objectReference: {fileID: 0}
    - target: {fileID: 4659295964541038, guid: 3124326d0318e6a44a4dcf684cdbbfd7, type: 2}
      propertyPath: m_LocalRotation.y
      value: 0.48368502
      objectReference: {fileID: 0}
    - target: {fileID: 4659295964541038, guid: 3124326d0318e6a44a4dcf684cdbbfd7, type: 2}
      propertyPath: m_LocalRotation.z
      value: 0.16242988
      objectReference: {fileID: 0}
    - target: {fileID: 4659295964541038, guid: 3124326d0318e6a44a4dcf684cdbbfd7, type: 2}
      propertyPath: m_LocalRotation.w
      value: 0.8597685
      objectReference: {fileID: 0}
    - target: {fileID: 4627969999047996, guid: 3124326d0318e6a44a4dcf684cdbbfd7, type: 2}
      propertyPath: m_LocalRotation.x
      value: 0.9101993
      objectReference: {fileID: 0}
    - target: {fileID: 4627969999047996, guid: 3124326d0318e6a44a4dcf684cdbbfd7, type: 2}
      propertyPath: m_LocalRotation.y
      value: 0.06321247
      objectReference: {fileID: 0}
    - target: {fileID: 4627969999047996, guid: 3124326d0318e6a44a4dcf684cdbbfd7, type: 2}
      propertyPath: m_LocalRotation.z
      value: 0.40895155
      objectReference: {fileID: 0}
    - target: {fileID: 4627969999047996, guid: 3124326d0318e6a44a4dcf684cdbbfd7, type: 2}
      propertyPath: m_LocalRotation.w
      value: -0.017326206
      objectReference: {fileID: 0}
    - target: {fileID: 4125463442014098, guid: 3124326d0318e6a44a4dcf684cdbbfd7, type: 2}
      propertyPath: m_LocalRotation.x
      value: -0.0010123645
      objectReference: {fileID: 0}
    - target: {fileID: 4125463442014098, guid: 3124326d0318e6a44a4dcf684cdbbfd7, type: 2}
      propertyPath: m_LocalRotation.y
      value: 0.05069125
      objectReference: {fileID: 0}
    - target: {fileID: 4125463442014098, guid: 3124326d0318e6a44a4dcf684cdbbfd7, type: 2}
      propertyPath: m_LocalRotation.z
      value: -0.088523045
      objectReference: {fileID: 0}
    - target: {fileID: 4125463442014098, guid: 3124326d0318e6a44a4dcf684cdbbfd7, type: 2}
      propertyPath: m_LocalRotation.w
      value: 0.994783
      objectReference: {fileID: 0}
    - target: {fileID: 4169868808750606, guid: 3124326d0318e6a44a4dcf684cdbbfd7, type: 2}
      propertyPath: m_LocalRotation.x
      value: 0.0012186969
      objectReference: {fileID: 0}
    - target: {fileID: 4169868808750606, guid: 3124326d0318e6a44a4dcf684cdbbfd7, type: 2}
      propertyPath: m_LocalRotation.y
      value: 0.40273327
      objectReference: {fileID: 0}
    - target: {fileID: 4169868808750606, guid: 3124326d0318e6a44a4dcf684cdbbfd7, type: 2}
      propertyPath: m_LocalRotation.z
      value: 0.10829477
      objectReference: {fileID: 0}
    - target: {fileID: 4169868808750606, guid: 3124326d0318e6a44a4dcf684cdbbfd7, type: 2}
      propertyPath: m_LocalRotation.w
      value: 0.9088876
      objectReference: {fileID: 0}
    - target: {fileID: 4223387456208686, guid: 3124326d0318e6a44a4dcf684cdbbfd7, type: 2}
      propertyPath: m_LocalRotation.x
      value: 0.011422191
      objectReference: {fileID: 0}
    - target: {fileID: 4223387456208686, guid: 3124326d0318e6a44a4dcf684cdbbfd7, type: 2}
      propertyPath: m_LocalRotation.y
      value: -0.4720027
      objectReference: {fileID: 0}
    - target: {fileID: 4223387456208686, guid: 3124326d0318e6a44a4dcf684cdbbfd7, type: 2}
      propertyPath: m_LocalRotation.z
      value: 0.05654629
      objectReference: {fileID: 0}
    - target: {fileID: 4223387456208686, guid: 3124326d0318e6a44a4dcf684cdbbfd7, type: 2}
      propertyPath: m_LocalRotation.w
      value: -0.87970763
      objectReference: {fileID: 0}
    - target: {fileID: 4434652729165402, guid: 3124326d0318e6a44a4dcf684cdbbfd7, type: 2}
      propertyPath: m_LocalRotation.x
      value: 0.013929838
      objectReference: {fileID: 0}
    - target: {fileID: 4434652729165402, guid: 3124326d0318e6a44a4dcf684cdbbfd7, type: 2}
      propertyPath: m_LocalRotation.y
      value: -0.40709734
      objectReference: {fileID: 0}
    - target: {fileID: 4434652729165402, guid: 3124326d0318e6a44a4dcf684cdbbfd7, type: 2}
      propertyPath: m_LocalRotation.z
      value: 0.2372842
      objectReference: {fileID: 0}
    - target: {fileID: 4434652729165402, guid: 3124326d0318e6a44a4dcf684cdbbfd7, type: 2}
      propertyPath: m_LocalRotation.w
      value: -0.881915
      objectReference: {fileID: 0}
    - target: {fileID: 4754400743135556, guid: 3124326d0318e6a44a4dcf684cdbbfd7, type: 2}
      propertyPath: m_LocalRotation.x
      value: -0.0044435333
      objectReference: {fileID: 0}
    - target: {fileID: 4754400743135556, guid: 3124326d0318e6a44a4dcf684cdbbfd7, type: 2}
      propertyPath: m_LocalRotation.y
      value: -0.42049038
      objectReference: {fileID: 0}
    - target: {fileID: 4754400743135556, guid: 3124326d0318e6a44a4dcf684cdbbfd7, type: 2}
      propertyPath: m_LocalRotation.z
      value: -0.14591555
      objectReference: {fileID: 0}
    - target: {fileID: 4754400743135556, guid: 3124326d0318e6a44a4dcf684cdbbfd7, type: 2}
      propertyPath: m_LocalRotation.w
      value: -0.89547575
      objectReference: {fileID: 0}
    - target: {fileID: 4462258167543740, guid: 3124326d0318e6a44a4dcf684cdbbfd7, type: 2}
      propertyPath: m_LocalRotation.x
      value: -0.5542059
      objectReference: {fileID: 0}
    - target: {fileID: 4462258167543740, guid: 3124326d0318e6a44a4dcf684cdbbfd7, type: 2}
      propertyPath: m_LocalRotation.y
      value: 0.56912565
      objectReference: {fileID: 0}
    - target: {fileID: 4462258167543740, guid: 3124326d0318e6a44a4dcf684cdbbfd7, type: 2}
      propertyPath: m_LocalRotation.z
      value: 0.4363214
      objectReference: {fileID: 0}
    - target: {fileID: 4462258167543740, guid: 3124326d0318e6a44a4dcf684cdbbfd7, type: 2}
      propertyPath: m_LocalRotation.w
      value: -0.42258197
      objectReference: {fileID: 0}
    - target: {fileID: 4462258167543740, guid: 3124326d0318e6a44a4dcf684cdbbfd7, type: 2}
      propertyPath: m_LocalPosition.x
      value: 0.026896
      objectReference: {fileID: 0}
    - target: {fileID: 4462258167543740, guid: 3124326d0318e6a44a4dcf684cdbbfd7, type: 2}
      propertyPath: m_LocalPosition.y
      value: 1.6549253
      objectReference: {fileID: 0}
    - target: {fileID: 4462258167543740, guid: 3124326d0318e6a44a4dcf684cdbbfd7, type: 2}
      propertyPath: m_LocalPosition.z
      value: -0.067717075
      objectReference: {fileID: 0}
    - target: {fileID: 4868150386491000, guid: 3124326d0318e6a44a4dcf684cdbbfd7, type: 2}
      propertyPath: m_LocalRotation.x
      value: -0.28940535
      objectReference: {fileID: 0}
    - target: {fileID: 4868150386491000, guid: 3124326d0318e6a44a4dcf684cdbbfd7, type: 2}
      propertyPath: m_LocalRotation.y
      value: 0.04730482
      objectReference: {fileID: 0}
    - target: {fileID: 4868150386491000, guid: 3124326d0318e6a44a4dcf684cdbbfd7, type: 2}
      propertyPath: m_LocalRotation.z
      value: 0.15059747
      objectReference: {fileID: 0}
    - target: {fileID: 4868150386491000, guid: 3124326d0318e6a44a4dcf684cdbbfd7, type: 2}
      propertyPath: m_LocalRotation.w
      value: -0.9441013
      objectReference: {fileID: 0}
    - target: {fileID: 4820844547731004, guid: 3124326d0318e6a44a4dcf684cdbbfd7, type: 2}
      propertyPath: m_LocalRotation.x
      value: 0.022234378
      objectReference: {fileID: 0}
    - target: {fileID: 4820844547731004, guid: 3124326d0318e6a44a4dcf684cdbbfd7, type: 2}
      propertyPath: m_LocalRotation.y
      value: -0.4315596
      objectReference: {fileID: 0}
    - target: {fileID: 4820844547731004, guid: 3124326d0318e6a44a4dcf684cdbbfd7, type: 2}
      propertyPath: m_LocalRotation.z
      value: 0.03380526
      objectReference: {fileID: 0}
    - target: {fileID: 4820844547731004, guid: 3124326d0318e6a44a4dcf684cdbbfd7, type: 2}
      propertyPath: m_LocalRotation.w
      value: -0.9011765
      objectReference: {fileID: 0}
    - target: {fileID: 4015635372313374, guid: 3124326d0318e6a44a4dcf684cdbbfd7, type: 2}
      propertyPath: m_LocalRotation.x
      value: -0.0006202105
      objectReference: {fileID: 0}
    - target: {fileID: 4015635372313374, guid: 3124326d0318e6a44a4dcf684cdbbfd7, type: 2}
      propertyPath: m_LocalRotation.y
      value: 0.38933584
      objectReference: {fileID: 0}
    - target: {fileID: 4015635372313374, guid: 3124326d0318e6a44a4dcf684cdbbfd7, type: 2}
      propertyPath: m_LocalRotation.z
      value: 0.0039364095
      objectReference: {fileID: 0}
    - target: {fileID: 4015635372313374, guid: 3124326d0318e6a44a4dcf684cdbbfd7, type: 2}
      propertyPath: m_LocalRotation.w
      value: 0.9210873
      objectReference: {fileID: 0}
    - target: {fileID: 4040501861967600, guid: 3124326d0318e6a44a4dcf684cdbbfd7, type: 2}
      propertyPath: m_LocalRotation.x
      value: -0.0077496646
      objectReference: {fileID: 0}
    - target: {fileID: 4040501861967600, guid: 3124326d0318e6a44a4dcf684cdbbfd7, type: 2}
      propertyPath: m_LocalRotation.y
      value: 0.51619077
      objectReference: {fileID: 0}
    - target: {fileID: 4040501861967600, guid: 3124326d0318e6a44a4dcf684cdbbfd7, type: 2}
      propertyPath: m_LocalRotation.z
      value: 0.05572418
      objectReference: {fileID: 0}
    - target: {fileID: 4040501861967600, guid: 3124326d0318e6a44a4dcf684cdbbfd7, type: 2}
      propertyPath: m_LocalRotation.w
      value: 0.8546238
      objectReference: {fileID: 0}
    - target: {fileID: 4369057190147532, guid: 3124326d0318e6a44a4dcf684cdbbfd7, type: 2}
      propertyPath: m_LocalRotation.x
      value: 0.02726778
      objectReference: {fileID: 0}
    - target: {fileID: 4369057190147532, guid: 3124326d0318e6a44a4dcf684cdbbfd7, type: 2}
      propertyPath: m_LocalRotation.y
      value: -0.35070425
      objectReference: {fileID: 0}
    - target: {fileID: 4369057190147532, guid: 3124326d0318e6a44a4dcf684cdbbfd7, type: 2}
      propertyPath: m_LocalRotation.z
      value: 0.20335543
      objectReference: {fileID: 0}
    - target: {fileID: 4369057190147532, guid: 3124326d0318e6a44a4dcf684cdbbfd7, type: 2}
      propertyPath: m_LocalRotation.w
      value: -0.91373396
      objectReference: {fileID: 0}
    - target: {fileID: 4043136744696690, guid: 3124326d0318e6a44a4dcf684cdbbfd7, type: 2}
      propertyPath: m_LocalRotation.x
      value: -0.07388898
      objectReference: {fileID: 0}
    - target: {fileID: 4043136744696690, guid: 3124326d0318e6a44a4dcf684cdbbfd7, type: 2}
      propertyPath: m_LocalRotation.y
      value: 0.51924944
      objectReference: {fileID: 0}
    - target: {fileID: 4043136744696690, guid: 3124326d0318e6a44a4dcf684cdbbfd7, type: 2}
      propertyPath: m_LocalRotation.z
      value: 0.22617088
      objectReference: {fileID: 0}
    - target: {fileID: 4043136744696690, guid: 3124326d0318e6a44a4dcf684cdbbfd7, type: 2}
      propertyPath: m_LocalRotation.w
      value: 0.82083327
      objectReference: {fileID: 0}
    - target: {fileID: 4346849249964416, guid: 3124326d0318e6a44a4dcf684cdbbfd7, type: 2}
      propertyPath: m_LocalRotation.x
      value: 0.13475768
      objectReference: {fileID: 0}
    - target: {fileID: 4346849249964416, guid: 3124326d0318e6a44a4dcf684cdbbfd7, type: 2}
      propertyPath: m_LocalRotation.y
      value: 0.02614354
      objectReference: {fileID: 0}
    - target: {fileID: 4346849249964416, guid: 3124326d0318e6a44a4dcf684cdbbfd7, type: 2}
      propertyPath: m_LocalRotation.z
      value: -0.10036634
      objectReference: {fileID: 0}
    - target: {fileID: 4346849249964416, guid: 3124326d0318e6a44a4dcf684cdbbfd7, type: 2}
      propertyPath: m_LocalRotation.w
      value: 0.98543566
      objectReference: {fileID: 0}
    - target: {fileID: 4566686393857924, guid: 3124326d0318e6a44a4dcf684cdbbfd7, type: 2}
      propertyPath: m_LocalRotation.x
      value: 0.913329
      objectReference: {fileID: 0}
    - target: {fileID: 4566686393857924, guid: 3124326d0318e6a44a4dcf684cdbbfd7, type: 2}
      propertyPath: m_LocalRotation.y
      value: 0.062172253
      objectReference: {fileID: 0}
    - target: {fileID: 4566686393857924, guid: 3124326d0318e6a44a4dcf684cdbbfd7, type: 2}
      propertyPath: m_LocalRotation.z
      value: 0.40052116
      objectReference: {fileID: 0}
    - target: {fileID: 4566686393857924, guid: 3124326d0318e6a44a4dcf684cdbbfd7, type: 2}
      propertyPath: m_LocalRotation.w
      value: -0.03934019
      objectReference: {fileID: 0}
    - target: {fileID: 4855510347880886, guid: 3124326d0318e6a44a4dcf684cdbbfd7, type: 2}
      propertyPath: m_LocalRotation.x
      value: 0.11624823
      objectReference: {fileID: 0}
    - target: {fileID: 4855510347880886, guid: 3124326d0318e6a44a4dcf684cdbbfd7, type: 2}
      propertyPath: m_LocalRotation.y
      value: 0.69947636
      objectReference: {fileID: 0}
    - target: {fileID: 4855510347880886, guid: 3124326d0318e6a44a4dcf684cdbbfd7, type: 2}
      propertyPath: m_LocalRotation.z
      value: -0.106042854
      objectReference: {fileID: 0}
    - target: {fileID: 4855510347880886, guid: 3124326d0318e6a44a4dcf684cdbbfd7, type: 2}
      propertyPath: m_LocalRotation.w
      value: 0.6971184
      objectReference: {fileID: 0}
    - target: {fileID: 4194093047269822, guid: 3124326d0318e6a44a4dcf684cdbbfd7, type: 2}
      propertyPath: m_LocalRotation.x
      value: -0.120454624
      objectReference: {fileID: 0}
    - target: {fileID: 4194093047269822, guid: 3124326d0318e6a44a4dcf684cdbbfd7, type: 2}
      propertyPath: m_LocalRotation.y
      value: 0.5605745
      objectReference: {fileID: 0}
    - target: {fileID: 4194093047269822, guid: 3124326d0318e6a44a4dcf684cdbbfd7, type: 2}
      propertyPath: m_LocalRotation.z
      value: 0.26799387
      objectReference: {fileID: 0}
    - target: {fileID: 4194093047269822, guid: 3124326d0318e6a44a4dcf684cdbbfd7, type: 2}
      propertyPath: m_LocalRotation.w
      value: 0.7742262
      objectReference: {fileID: 0}
    - target: {fileID: 4049808263820648, guid: 3124326d0318e6a44a4dcf684cdbbfd7, type: 2}
      propertyPath: m_LocalRotation.x
      value: 0.07272584
      objectReference: {fileID: 0}
    - target: {fileID: 4049808263820648, guid: 3124326d0318e6a44a4dcf684cdbbfd7, type: 2}
      propertyPath: m_LocalRotation.y
      value: -0.015347671
      objectReference: {fileID: 0}
    - target: {fileID: 4049808263820648, guid: 3124326d0318e6a44a4dcf684cdbbfd7, type: 2}
      propertyPath: m_LocalRotation.z
      value: 0.46715188
      objectReference: {fileID: 0}
    - target: {fileID: 4049808263820648, guid: 3124326d0318e6a44a4dcf684cdbbfd7, type: 2}
      propertyPath: m_LocalRotation.w
      value: 0.8810474
      objectReference: {fileID: 0}
    - target: {fileID: 4049808263820648, guid: 3124326d0318e6a44a4dcf684cdbbfd7, type: 2}
      propertyPath: m_LocalPosition.y
      value: -0.008011239
      objectReference: {fileID: 0}
    - target: {fileID: 4049808263820648, guid: 3124326d0318e6a44a4dcf684cdbbfd7, type: 2}
      propertyPath: m_LocalPosition.z
      value: -0.01823376
      objectReference: {fileID: 0}
    - target: {fileID: 4475037206340512, guid: 3124326d0318e6a44a4dcf684cdbbfd7, type: 2}
      propertyPath: m_LocalRotation.x
      value: 0.034084287
      objectReference: {fileID: 0}
    - target: {fileID: 4475037206340512, guid: 3124326d0318e6a44a4dcf684cdbbfd7, type: 2}
      propertyPath: m_LocalRotation.y
      value: 0.40216094
      objectReference: {fileID: 0}
    - target: {fileID: 4475037206340512, guid: 3124326d0318e6a44a4dcf684cdbbfd7, type: 2}
      propertyPath: m_LocalRotation.z
      value: 0.21581806
      objectReference: {fileID: 0}
    - target: {fileID: 4475037206340512, guid: 3124326d0318e6a44a4dcf684cdbbfd7, type: 2}
      propertyPath: m_LocalRotation.w
      value: 0.8891161
      objectReference: {fileID: 0}
    - target: {fileID: 4773343997882094, guid: 3124326d0318e6a44a4dcf684cdbbfd7, type: 2}
      propertyPath: m_LocalRotation.x
      value: 0.090983756
      objectReference: {fileID: 0}
    - target: {fileID: 4773343997882094, guid: 3124326d0318e6a44a4dcf684cdbbfd7, type: 2}
      propertyPath: m_LocalRotation.y
      value: 0.44166368
      objectReference: {fileID: 0}
    - target: {fileID: 4773343997882094, guid: 3124326d0318e6a44a4dcf684cdbbfd7, type: 2}
      propertyPath: m_LocalRotation.z
      value: 0.11519687
      objectReference: {fileID: 0}
    - target: {fileID: 4773343997882094, guid: 3124326d0318e6a44a4dcf684cdbbfd7, type: 2}
      propertyPath: m_LocalRotation.w
      value: 0.88509035
      objectReference: {fileID: 0}
    - target: {fileID: 4177712170799746, guid: 3124326d0318e6a44a4dcf684cdbbfd7, type: 2}
      propertyPath: m_LocalRotation.x
      value: -0.0003193076
      objectReference: {fileID: 0}
    - target: {fileID: 4177712170799746, guid: 3124326d0318e6a44a4dcf684cdbbfd7, type: 2}
      propertyPath: m_LocalRotation.y
      value: 0.4361234
      objectReference: {fileID: 0}
    - target: {fileID: 4177712170799746, guid: 3124326d0318e6a44a4dcf684cdbbfd7, type: 2}
      propertyPath: m_LocalRotation.z
      value: -0.0038478666
      objectReference: {fileID: 0}
    - target: {fileID: 4177712170799746, guid: 3124326d0318e6a44a4dcf684cdbbfd7, type: 2}
      propertyPath: m_LocalRotation.w
      value: 0.89987856
      objectReference: {fileID: 0}
    - target: {fileID: 4292491651307912, guid: 3124326d0318e6a44a4dcf684cdbbfd7, type: 2}
      propertyPath: m_LocalRotation.x
      value: -0.023565097
      objectReference: {fileID: 0}
    - target: {fileID: 4292491651307912, guid: 3124326d0318e6a44a4dcf684cdbbfd7, type: 2}
      propertyPath: m_LocalRotation.y
      value: 0.014797464
      objectReference: {fileID: 0}
    - target: {fileID: 4292491651307912, guid: 3124326d0318e6a44a4dcf684cdbbfd7, type: 2}
      propertyPath: m_LocalRotation.z
      value: -0.51868784
      objectReference: {fileID: 0}
    - target: {fileID: 4292491651307912, guid: 3124326d0318e6a44a4dcf684cdbbfd7, type: 2}
      propertyPath: m_LocalRotation.w
      value: 0.8545108
      objectReference: {fileID: 0}
    - target: {fileID: 4621155129002238, guid: 3124326d0318e6a44a4dcf684cdbbfd7, type: 2}
      propertyPath: m_LocalRotation.x
      value: 0.81235856
      objectReference: {fileID: 0}
    - target: {fileID: 4621155129002238, guid: 3124326d0318e6a44a4dcf684cdbbfd7, type: 2}
      propertyPath: m_LocalRotation.y
      value: 0.1845915
      objectReference: {fileID: 0}
    - target: {fileID: 4621155129002238, guid: 3124326d0318e6a44a4dcf684cdbbfd7, type: 2}
      propertyPath: m_LocalRotation.z
      value: 0.5021978
      objectReference: {fileID: 0}
    - target: {fileID: 4621155129002238, guid: 3124326d0318e6a44a4dcf684cdbbfd7, type: 2}
      propertyPath: m_LocalRotation.w
      value: -0.23194194
      objectReference: {fileID: 0}
    - target: {fileID: 4338376541114420, guid: 3124326d0318e6a44a4dcf684cdbbfd7, type: 2}
      propertyPath: m_LocalRotation.x
      value: -0.010638247
      objectReference: {fileID: 0}
    - target: {fileID: 4338376541114420, guid: 3124326d0318e6a44a4dcf684cdbbfd7, type: 2}
      propertyPath: m_LocalRotation.y
      value: 0.45557606
      objectReference: {fileID: 0}
    - target: {fileID: 4338376541114420, guid: 3124326d0318e6a44a4dcf684cdbbfd7, type: 2}
      propertyPath: m_LocalRotation.z
      value: -0.13825409
      objectReference: {fileID: 0}
    - target: {fileID: 4338376541114420, guid: 3124326d0318e6a44a4dcf684cdbbfd7, type: 2}
      propertyPath: m_LocalRotation.w
      value: 0.87933105
      objectReference: {fileID: 0}
    - target: {fileID: 4686727778177504, guid: 3124326d0318e6a44a4dcf684cdbbfd7, type: 2}
      propertyPath: m_LocalRotation.x
      value: -0.48132437
      objectReference: {fileID: 0}
    - target: {fileID: 4686727778177504, guid: 3124326d0318e6a44a4dcf684cdbbfd7, type: 2}
      propertyPath: m_LocalRotation.y
      value: 0.23023413
      objectReference: {fileID: 0}
    - target: {fileID: 4686727778177504, guid: 3124326d0318e6a44a4dcf684cdbbfd7, type: 2}
      propertyPath: m_LocalRotation.z
      value: 0.14600521
      objectReference: {fileID: 0}
    - target: {fileID: 4686727778177504, guid: 3124326d0318e6a44a4dcf684cdbbfd7, type: 2}
      propertyPath: m_LocalRotation.w
      value: -0.8330676
      objectReference: {fileID: 0}
    - target: {fileID: 4911608047843652, guid: 3124326d0318e6a44a4dcf684cdbbfd7, type: 2}
      propertyPath: m_LocalRotation.x
      value: 0.08500743
      objectReference: {fileID: 0}
    - target: {fileID: 4911608047843652, guid: 3124326d0318e6a44a4dcf684cdbbfd7, type: 2}
      propertyPath: m_LocalRotation.y
      value: 0.067361355
      objectReference: {fileID: 0}
    - target: {fileID: 4911608047843652, guid: 3124326d0318e6a44a4dcf684cdbbfd7, type: 2}
      propertyPath: m_LocalRotation.z
      value: 0.43630934
      objectReference: {fileID: 0}
    - target: {fileID: 4911608047843652, guid: 3124326d0318e6a44a4dcf684cdbbfd7, type: 2}
      propertyPath: m_LocalRotation.w
      value: 0.8932359
      objectReference: {fileID: 0}
    - target: {fileID: 4911608047843652, guid: 3124326d0318e6a44a4dcf684cdbbfd7, type: 2}
      propertyPath: m_LocalPosition.x
      value: -0.35179797
      objectReference: {fileID: 0}
    - target: {fileID: 4911608047843652, guid: 3124326d0318e6a44a4dcf684cdbbfd7, type: 2}
      propertyPath: m_LocalPosition.y
      value: -0.008010808
      objectReference: {fileID: 0}
    - target: {fileID: 4911608047843652, guid: 3124326d0318e6a44a4dcf684cdbbfd7, type: 2}
      propertyPath: m_LocalPosition.z
      value: 0.0051462506
      objectReference: {fileID: 0}
    - target: {fileID: 4141431106317386, guid: 3124326d0318e6a44a4dcf684cdbbfd7, type: 2}
      propertyPath: m_LocalRotation.x
      value: 0.010350451
      objectReference: {fileID: 0}
    - target: {fileID: 4141431106317386, guid: 3124326d0318e6a44a4dcf684cdbbfd7, type: 2}
      propertyPath: m_LocalRotation.y
      value: -0.4555569
      objectReference: {fileID: 0}
    - target: {fileID: 4141431106317386, guid: 3124326d0318e6a44a4dcf684cdbbfd7, type: 2}
      propertyPath: m_LocalRotation.z
      value: 0.052980404
      objectReference: {fileID: 0}
    - target: {fileID: 4141431106317386, guid: 3124326d0318e6a44a4dcf684cdbbfd7, type: 2}
      propertyPath: m_LocalRotation.w
      value: -0.88856846
      objectReference: {fileID: 0}
    - target: {fileID: 4101042862598760, guid: 3124326d0318e6a44a4dcf684cdbbfd7, type: 2}
      propertyPath: m_LocalRotation.x
      value: -0.0021934872
      objectReference: {fileID: 0}
    - target: {fileID: 4101042862598760, guid: 3124326d0318e6a44a4dcf684cdbbfd7, type: 2}
      propertyPath: m_LocalRotation.y
      value: -0.079062276
      objectReference: {fileID: 0}
    - target: {fileID: 4101042862598760, guid: 3124326d0318e6a44a4dcf684cdbbfd7, type: 2}
      propertyPath: m_LocalRotation.z
      value: 0.005468165
      objectReference: {fileID: 0}
    - target: {fileID: 4101042862598760, guid: 3124326d0318e6a44a4dcf684cdbbfd7, type: 2}
      propertyPath: m_LocalRotation.w
      value: 0.99685234
      objectReference: {fileID: 0}
    - target: {fileID: 4852540030184744, guid: 3124326d0318e6a44a4dcf684cdbbfd7, type: 2}
      propertyPath: m_LocalRotation.x
      value: -0.32801932
      objectReference: {fileID: 0}
    - target: {fileID: 4852540030184744, guid: 3124326d0318e6a44a4dcf684cdbbfd7, type: 2}
      propertyPath: m_LocalRotation.y
      value: 0.93848175
      objectReference: {fileID: 0}
    - target: {fileID: 4852540030184744, guid: 3124326d0318e6a44a4dcf684cdbbfd7, type: 2}
      propertyPath: m_LocalRotation.z
      value: 0.047067005
      objectReference: {fileID: 0}
    - target: {fileID: 4852540030184744, guid: 3124326d0318e6a44a4dcf684cdbbfd7, type: 2}
      propertyPath: m_LocalRotation.w
      value: 0.09716031
      objectReference: {fileID: 0}
    - target: {fileID: 4852540030184744, guid: 3124326d0318e6a44a4dcf684cdbbfd7, type: 2}
      propertyPath: m_LocalPosition.x
      value: 0.060319174
      objectReference: {fileID: 0}
    - target: {fileID: 4852540030184744, guid: 3124326d0318e6a44a4dcf684cdbbfd7, type: 2}
      propertyPath: m_LocalPosition.y
      value: 0.0020786917
      objectReference: {fileID: 0}
    - target: {fileID: 4852540030184744, guid: 3124326d0318e6a44a4dcf684cdbbfd7, type: 2}
      propertyPath: m_LocalPosition.z
      value: 0.072983146
      objectReference: {fileID: 0}
    - target: {fileID: 4325157119897026, guid: 3124326d0318e6a44a4dcf684cdbbfd7, type: 2}
      propertyPath: m_LocalRotation.x
      value: 0.26196632
      objectReference: {fileID: 0}
    - target: {fileID: 4325157119897026, guid: 3124326d0318e6a44a4dcf684cdbbfd7, type: 2}
      propertyPath: m_LocalRotation.y
      value: 0.14406684
      objectReference: {fileID: 0}
    - target: {fileID: 4325157119897026, guid: 3124326d0318e6a44a4dcf684cdbbfd7, type: 2}
      propertyPath: m_LocalRotation.z
      value: -0.4439917
      objectReference: {fileID: 0}
    - target: {fileID: 4325157119897026, guid: 3124326d0318e6a44a4dcf684cdbbfd7, type: 2}
      propertyPath: m_LocalRotation.w
      value: 0.8446833
      objectReference: {fileID: 0}
    - target: {fileID: 4399130330298352, guid: 3124326d0318e6a44a4dcf684cdbbfd7, type: 2}
      propertyPath: m_LocalRotation.x
      value: 0.019217141
      objectReference: {fileID: 0}
    - target: {fileID: 4399130330298352, guid: 3124326d0318e6a44a4dcf684cdbbfd7, type: 2}
      propertyPath: m_LocalRotation.y
      value: -0.44862628
      objectReference: {fileID: 0}
    - target: {fileID: 4399130330298352, guid: 3124326d0318e6a44a4dcf684cdbbfd7, type: 2}
      propertyPath: m_LocalRotation.z
      value: 0.14693294
      objectReference: {fileID: 0}
    - target: {fileID: 4399130330298352, guid: 3124326d0318e6a44a4dcf684cdbbfd7, type: 2}
      propertyPath: m_LocalRotation.w
      value: -0.88134897
      objectReference: {fileID: 0}
    - target: {fileID: 4582672407868032, guid: 3124326d0318e6a44a4dcf684cdbbfd7, type: 2}
      propertyPath: m_LocalRotation.x
      value: -0.0000011483141
      objectReference: {fileID: 0}
    - target: {fileID: 4582672407868032, guid: 3124326d0318e6a44a4dcf684cdbbfd7, type: 2}
      propertyPath: m_LocalRotation.y
      value: 0.000000740316
      objectReference: {fileID: 0}
    - target: {fileID: 4582672407868032, guid: 3124326d0318e6a44a4dcf684cdbbfd7, type: 2}
      propertyPath: m_LocalRotation.w
      value: 0.8548228
      objectReference: {fileID: 0}
    - target: {fileID: 4060219712390076, guid: 3124326d0318e6a44a4dcf684cdbbfd7, type: 2}
      propertyPath: m_LocalRotation.x
      value: 0.03033754
      objectReference: {fileID: 0}
    - target: {fileID: 4060219712390076, guid: 3124326d0318e6a44a4dcf684cdbbfd7, type: 2}
      propertyPath: m_LocalRotation.y
      value: -0.49013606
      objectReference: {fileID: 0}
    - target: {fileID: 4060219712390076, guid: 3124326d0318e6a44a4dcf684cdbbfd7, type: 2}
      propertyPath: m_LocalRotation.z
      value: 0.07547341
      objectReference: {fileID: 0}
    - target: {fileID: 4060219712390076, guid: 3124326d0318e6a44a4dcf684cdbbfd7, type: 2}
      propertyPath: m_LocalRotation.w
      value: -0.86784226
      objectReference: {fileID: 0}
    - target: {fileID: 4878078931499904, guid: 3124326d0318e6a44a4dcf684cdbbfd7, type: 2}
      propertyPath: m_LocalRotation.x
      value: 0.021695472
      objectReference: {fileID: 0}
    - target: {fileID: 4878078931499904, guid: 3124326d0318e6a44a4dcf684cdbbfd7, type: 2}
      propertyPath: m_LocalRotation.y
      value: -0.0028916374
      objectReference: {fileID: 0}
    - target: {fileID: 4878078931499904, guid: 3124326d0318e6a44a4dcf684cdbbfd7, type: 2}
      propertyPath: m_LocalRotation.z
      value: 0.3088597
      objectReference: {fileID: 0}
    - target: {fileID: 4878078931499904, guid: 3124326d0318e6a44a4dcf684cdbbfd7, type: 2}
      propertyPath: m_LocalRotation.w
      value: -0.9508558
      objectReference: {fileID: 0}
    - target: {fileID: 4144574609893408, guid: 3124326d0318e6a44a4dcf684cdbbfd7, type: 2}
      propertyPath: m_LocalRotation.x
      value: 0.07233478
      objectReference: {fileID: 0}
    - target: {fileID: 4144574609893408, guid: 3124326d0318e6a44a4dcf684cdbbfd7, type: 2}
      propertyPath: m_LocalRotation.y
      value: 0.68278474
      objectReference: {fileID: 0}
    - target: {fileID: 4144574609893408, guid: 3124326d0318e6a44a4dcf684cdbbfd7, type: 2}
      propertyPath: m_LocalRotation.z
      value: -0.32046914
      objectReference: {fileID: 0}
    - target: {fileID: 4144574609893408, guid: 3124326d0318e6a44a4dcf684cdbbfd7, type: 2}
      propertyPath: m_LocalRotation.w
      value: 0.6525889
      objectReference: {fileID: 0}
    - target: {fileID: 4438764255712150, guid: 3124326d0318e6a44a4dcf684cdbbfd7, type: 2}
      propertyPath: m_LocalRotation.x
      value: -0.27297214
      objectReference: {fileID: 0}
    - target: {fileID: 4438764255712150, guid: 3124326d0318e6a44a4dcf684cdbbfd7, type: 2}
      propertyPath: m_LocalRotation.y
      value: 0.9600595
      objectReference: {fileID: 0}
    - target: {fileID: 4438764255712150, guid: 3124326d0318e6a44a4dcf684cdbbfd7, type: 2}
      propertyPath: m_LocalRotation.z
      value: -0.060929142
      objectReference: {fileID: 0}
    - target: {fileID: 4438764255712150, guid: 3124326d0318e6a44a4dcf684cdbbfd7, type: 2}
      propertyPath: m_LocalRotation.w
      value: 0.007715362
      objectReference: {fileID: 0}
    - target: {fileID: 4438764255712150, guid: 3124326d0318e6a44a4dcf684cdbbfd7, type: 2}
      propertyPath: m_LocalPosition.x
      value: 0.060835868
      objectReference: {fileID: 0}
    - target: {fileID: 4438764255712150, guid: 3124326d0318e6a44a4dcf684cdbbfd7, type: 2}
      propertyPath: m_LocalPosition.y
      value: 0.002078811
      objectReference: {fileID: 0}
    - target: {fileID: 4438764255712150, guid: 3124326d0318e6a44a4dcf684cdbbfd7, type: 2}
      propertyPath: m_LocalPosition.z
      value: -0.07255289
      objectReference: {fileID: 0}
    - target: {fileID: 4766568227313646, guid: 3124326d0318e6a44a4dcf684cdbbfd7, type: 2}
      propertyPath: m_LocalRotation.x
      value: -0.19255498
      objectReference: {fileID: 0}
    - target: {fileID: 4766568227313646, guid: 3124326d0318e6a44a4dcf684cdbbfd7, type: 2}
      propertyPath: m_LocalRotation.y
      value: 0.89413357
      objectReference: {fileID: 0}
    - target: {fileID: 4766568227313646, guid: 3124326d0318e6a44a4dcf684cdbbfd7, type: 2}
      propertyPath: m_LocalRotation.z
      value: 0.38727048
      objectReference: {fileID: 0}
    - target: {fileID: 4766568227313646, guid: 3124326d0318e6a44a4dcf684cdbbfd7, type: 2}
      propertyPath: m_LocalRotation.w
      value: 0.11605799
      objectReference: {fileID: 0}
    - target: {fileID: 4706630798173306, guid: 3124326d0318e6a44a4dcf684cdbbfd7, type: 2}
      propertyPath: m_LocalRotation.x
      value: -0.021434674
      objectReference: {fileID: 0}
    - target: {fileID: 4706630798173306, guid: 3124326d0318e6a44a4dcf684cdbbfd7, type: 2}
      propertyPath: m_LocalRotation.y
      value: 0.0059300456
      objectReference: {fileID: 0}
    - target: {fileID: 4706630798173306, guid: 3124326d0318e6a44a4dcf684cdbbfd7, type: 2}
      propertyPath: m_LocalRotation.z
      value: -0.090837546
      objectReference: {fileID: 0}
    - target: {fileID: 4706630798173306, guid: 3124326d0318e6a44a4dcf684cdbbfd7, type: 2}
      propertyPath: m_LocalRotation.w
      value: -0.9956174
      objectReference: {fileID: 0}
    - target: {fileID: 4805893866464742, guid: 3124326d0318e6a44a4dcf684cdbbfd7, type: 2}
      propertyPath: m_LocalRotation.x
      value: -0.03016737
      objectReference: {fileID: 0}
    - target: {fileID: 4805893866464742, guid: 3124326d0318e6a44a4dcf684cdbbfd7, type: 2}
      propertyPath: m_LocalRotation.y
      value: 0.40386674
      objectReference: {fileID: 0}
    - target: {fileID: 4805893866464742, guid: 3124326d0318e6a44a4dcf684cdbbfd7, type: 2}
      propertyPath: m_LocalRotation.z
      value: 0.15433103
      objectReference: {fileID: 0}
    - target: {fileID: 4805893866464742, guid: 3124326d0318e6a44a4dcf684cdbbfd7, type: 2}
      propertyPath: m_LocalRotation.w
      value: 0.9012012
      objectReference: {fileID: 0}
    - target: {fileID: 4892976985949544, guid: 3124326d0318e6a44a4dcf684cdbbfd7, type: 2}
      propertyPath: m_LocalRotation.x
      value: 0.80487204
      objectReference: {fileID: 0}
    - target: {fileID: 4892976985949544, guid: 3124326d0318e6a44a4dcf684cdbbfd7, type: 2}
      propertyPath: m_LocalRotation.y
      value: 0.15908049
      objectReference: {fileID: 0}
    - target: {fileID: 4892976985949544, guid: 3124326d0318e6a44a4dcf684cdbbfd7, type: 2}
      propertyPath: m_LocalRotation.z
      value: 0.5296855
      objectReference: {fileID: 0}
    - target: {fileID: 4892976985949544, guid: 3124326d0318e6a44a4dcf684cdbbfd7, type: 2}
      propertyPath: m_LocalRotation.w
      value: -0.21519257
      objectReference: {fileID: 0}
    - target: {fileID: 4298416300289006, guid: 3124326d0318e6a44a4dcf684cdbbfd7, type: 2}
      propertyPath: m_LocalRotation.x
      value: -0.0027676523
      objectReference: {fileID: 0}
    - target: {fileID: 4298416300289006, guid: 3124326d0318e6a44a4dcf684cdbbfd7, type: 2}
      propertyPath: m_LocalRotation.y
      value: 0.0072333813
      objectReference: {fileID: 0}
    - target: {fileID: 4298416300289006, guid: 3124326d0318e6a44a4dcf684cdbbfd7, type: 2}
      propertyPath: m_LocalRotation.z
      value: -0.3916958
      objectReference: {fileID: 0}
    - target: {fileID: 4298416300289006, guid: 3124326d0318e6a44a4dcf684cdbbfd7, type: 2}
      propertyPath: m_LocalRotation.w
      value: 0.9200622
      objectReference: {fileID: 0}
    - target: {fileID: 4746872044264406, guid: 3124326d0318e6a44a4dcf684cdbbfd7, type: 2}
      propertyPath: m_LocalRotation.x
      value: 0.7909373
      objectReference: {fileID: 0}
    - target: {fileID: 4746872044264406, guid: 3124326d0318e6a44a4dcf684cdbbfd7, type: 2}
      propertyPath: m_LocalRotation.y
      value: -0.07507456
      objectReference: {fileID: 0}
    - target: {fileID: 4746872044264406, guid: 3124326d0318e6a44a4dcf684cdbbfd7, type: 2}
      propertyPath: m_LocalRotation.z
      value: -0.33247095
      objectReference: {fileID: 0}
    - target: {fileID: 4746872044264406, guid: 3124326d0318e6a44a4dcf684cdbbfd7, type: 2}
      propertyPath: m_LocalRotation.w
      value: 0.50817823
      objectReference: {fileID: 0}
    - target: {fileID: 4168398198500842, guid: 3124326d0318e6a44a4dcf684cdbbfd7, type: 2}
      propertyPath: m_LocalRotation.x
      value: -0.121869825
      objectReference: {fileID: 0}
    - target: {fileID: 4168398198500842, guid: 3124326d0318e6a44a4dcf684cdbbfd7, type: 2}
      propertyPath: m_LocalRotation.y
      value: -0.02161611
      objectReference: {fileID: 0}
    - target: {fileID: 4168398198500842, guid: 3124326d0318e6a44a4dcf684cdbbfd7, type: 2}
      propertyPath: m_LocalRotation.z
      value: -0.0010230658
      objectReference: {fileID: 0}
    - target: {fileID: 4168398198500842, guid: 3124326d0318e6a44a4dcf684cdbbfd7, type: 2}
      propertyPath: m_LocalRotation.w
      value: 0.9923102
      objectReference: {fileID: 0}
    - target: {fileID: 4501336312638118, guid: 3124326d0318e6a44a4dcf684cdbbfd7, type: 2}
      propertyPath: m_LocalRotation.x
      value: 0.022701254
      objectReference: {fileID: 0}
    - target: {fileID: 4501336312638118, guid: 3124326d0318e6a44a4dcf684cdbbfd7, type: 2}
      propertyPath: m_LocalRotation.y
      value: 0.40812525
      objectReference: {fileID: 0}
    - target: {fileID: 4501336312638118, guid: 3124326d0318e6a44a4dcf684cdbbfd7, type: 2}
      propertyPath: m_LocalRotation.z
      value: 0.18996952
      objectReference: {fileID: 0}
    - target: {fileID: 4501336312638118, guid: 3124326d0318e6a44a4dcf684cdbbfd7, type: 2}
      propertyPath: m_LocalRotation.w
      value: 0.89265335
      objectReference: {fileID: 0}
    - target: {fileID: 4777714682650080, guid: 3124326d0318e6a44a4dcf684cdbbfd7, type: 2}
      propertyPath: m_LocalRotation.x
      value: 0.15473174
      objectReference: {fileID: 0}
    - target: {fileID: 4777714682650080, guid: 3124326d0318e6a44a4dcf684cdbbfd7, type: 2}
      propertyPath: m_LocalRotation.y
      value: 0.48036265
      objectReference: {fileID: 0}
    - target: {fileID: 4777714682650080, guid: 3124326d0318e6a44a4dcf684cdbbfd7, type: 2}
      propertyPath: m_LocalRotation.z
      value: 0.08430316
      objectReference: {fileID: 0}
    - target: {fileID: 4777714682650080, guid: 3124326d0318e6a44a4dcf684cdbbfd7, type: 2}
      propertyPath: m_LocalRotation.w
      value: 0.8591873
      objectReference: {fileID: 0}
    - target: {fileID: 4145110897007456, guid: 3124326d0318e6a44a4dcf684cdbbfd7, type: 2}
      propertyPath: m_LocalRotation.x
      value: -0.05188163
      objectReference: {fileID: 0}
    - target: {fileID: 4145110897007456, guid: 3124326d0318e6a44a4dcf684cdbbfd7, type: 2}
      propertyPath: m_LocalRotation.y
      value: -0.41580075
      objectReference: {fileID: 0}
    - target: {fileID: 4145110897007456, guid: 3124326d0318e6a44a4dcf684cdbbfd7, type: 2}
      propertyPath: m_LocalRotation.z
      value: -0.16773708
      objectReference: {fileID: 0}
    - target: {fileID: 4145110897007456, guid: 3124326d0318e6a44a4dcf684cdbbfd7, type: 2}
      propertyPath: m_LocalRotation.w
      value: -0.8923465
      objectReference: {fileID: 0}
    - target: {fileID: 4076531528833538, guid: 3124326d0318e6a44a4dcf684cdbbfd7, type: 2}
      propertyPath: m_LocalRotation.x
      value: 0.44531816
      objectReference: {fileID: 0}
    - target: {fileID: 4076531528833538, guid: 3124326d0318e6a44a4dcf684cdbbfd7, type: 2}
      propertyPath: m_LocalRotation.y
      value: 0.52023226
      objectReference: {fileID: 0}
    - target: {fileID: 4076531528833538, guid: 3124326d0318e6a44a4dcf684cdbbfd7, type: 2}
      propertyPath: m_LocalRotation.z
      value: -0.36369744
      objectReference: {fileID: 0}
    - target: {fileID: 4076531528833538, guid: 3124326d0318e6a44a4dcf684cdbbfd7, type: 2}
      propertyPath: m_LocalRotation.w
      value: 0.6314859
      objectReference: {fileID: 0}
    - target: {fileID: 4139377631919496, guid: 3124326d0318e6a44a4dcf684cdbbfd7, type: 2}
      propertyPath: m_LocalRotation.x
      value: -0.21084902
      objectReference: {fileID: 0}
    - target: {fileID: 4139377631919496, guid: 3124326d0318e6a44a4dcf684cdbbfd7, type: 2}
      propertyPath: m_LocalRotation.y
      value: 0.92308426
      objectReference: {fileID: 0}
    - target: {fileID: 4139377631919496, guid: 3124326d0318e6a44a4dcf684cdbbfd7, type: 2}
      propertyPath: m_LocalRotation.z
      value: -0.28505296
      objectReference: {fileID: 0}
    - target: {fileID: 4139377631919496, guid: 3124326d0318e6a44a4dcf684cdbbfd7, type: 2}
      propertyPath: m_LocalRotation.w
      value: -0.14900698
      objectReference: {fileID: 0}
    - target: {fileID: 4006705953509550, guid: 3124326d0318e6a44a4dcf684cdbbfd7, type: 2}
      propertyPath: m_LocalRotation.x
      value: 0.1060403
      objectReference: {fileID: 0}
    - target: {fileID: 4006705953509550, guid: 3124326d0318e6a44a4dcf684cdbbfd7, type: 2}
      propertyPath: m_LocalRotation.y
      value: 0.697103
      objectReference: {fileID: 0}
    - target: {fileID: 4006705953509550, guid: 3124326d0318e6a44a4dcf684cdbbfd7, type: 2}
      propertyPath: m_LocalRotation.z
      value: 0.11625056
      objectReference: {fileID: 0}
    - target: {fileID: 4006705953509550, guid: 3124326d0318e6a44a4dcf684cdbbfd7, type: 2}
      propertyPath: m_LocalRotation.w
      value: -0.69949174
      objectReference: {fileID: 0}
    - target: {fileID: 4872351441916776, guid: 3124326d0318e6a44a4dcf684cdbbfd7, type: 2}
      propertyPath: m_LocalRotation.x
      value: -0.0035771294
      objectReference: {fileID: 0}
    - target: {fileID: 4872351441916776, guid: 3124326d0318e6a44a4dcf684cdbbfd7, type: 2}
      propertyPath: m_LocalRotation.y
      value: -0.36818442
      objectReference: {fileID: 0}
    - target: {fileID: 4872351441916776, guid: 3124326d0318e6a44a4dcf684cdbbfd7, type: 2}
      propertyPath: m_LocalRotation.z
      value: 0.23227079
      objectReference: {fileID: 0}
    - target: {fileID: 4872351441916776, guid: 3124326d0318e6a44a4dcf684cdbbfd7, type: 2}
      propertyPath: m_LocalRotation.w
      value: -0.9002654
      objectReference: {fileID: 0}
    - target: {fileID: 4767685386299842, guid: 3124326d0318e6a44a4dcf684cdbbfd7, type: 2}
      propertyPath: m_LocalRotation.x
      value: -0.007228676
      objectReference: {fileID: 0}
    - target: {fileID: 4767685386299842, guid: 3124326d0318e6a44a4dcf684cdbbfd7, type: 2}
      propertyPath: m_LocalRotation.z
      value: 0.15084817
      objectReference: {fileID: 0}
    - target: {fileID: 4636266652732486, guid: 3124326d0318e6a44a4dcf684cdbbfd7, type: 2}
      propertyPath: m_LocalRotation.x
      value: 0.043417044
      objectReference: {fileID: 0}
    - target: {fileID: 4636266652732486, guid: 3124326d0318e6a44a4dcf684cdbbfd7, type: 2}
      propertyPath: m_LocalRotation.z
      value: 0.03993073
      objectReference: {fileID: 0}
    - target: {fileID: 4049808263820648, guid: 3124326d0318e6a44a4dcf684cdbbfd7, type: 2}
      propertyPath: m_LocalPosition.x
      value: -0.35136375
      objectReference: {fileID: 0}
    - target: {fileID: 4125463442014098, guid: 3124326d0318e6a44a4dcf684cdbbfd7, type: 2}
      propertyPath: m_LocalPosition.x
      value: -0.37854564
      objectReference: {fileID: 0}
    - target: {fileID: 4125463442014098, guid: 3124326d0318e6a44a4dcf684cdbbfd7, type: 2}
      propertyPath: m_LocalPosition.y
      value: 0.0038245548
      objectReference: {fileID: 0}
    - target: {fileID: 4125463442014098, guid: 3124326d0318e6a44a4dcf684cdbbfd7, type: 2}
      propertyPath: m_LocalPosition.z
      value: -0.010314493
      objectReference: {fileID: 0}
    - target: {fileID: 4767685386299842, guid: 3124326d0318e6a44a4dcf684cdbbfd7, type: 2}
      propertyPath: m_LocalRotation.y
      value: -0.0016318555
      objectReference: {fileID: 0}
    - target: {fileID: 4582672407868032, guid: 3124326d0318e6a44a4dcf684cdbbfd7, type: 2}
      propertyPath: m_LocalRotation.z
      value: -0.51892006
      objectReference: {fileID: 0}
    - target: {fileID: 4346849249964416, guid: 3124326d0318e6a44a4dcf684cdbbfd7, type: 2}
      propertyPath: m_LocalPosition.x
      value: -0.37866646
      objectReference: {fileID: 0}
    - target: {fileID: 4346849249964416, guid: 3124326d0318e6a44a4dcf684cdbbfd7, type: 2}
      propertyPath: m_LocalPosition.y
      value: 0.00382822
      objectReference: {fileID: 0}
    - target: {fileID: 4346849249964416, guid: 3124326d0318e6a44a4dcf684cdbbfd7, type: 2}
      propertyPath: m_LocalPosition.z
      value: -0.003776931
      objectReference: {fileID: 0}
    - target: {fileID: 4767685386299842, guid: 3124326d0318e6a44a4dcf684cdbbfd7, type: 2}
      propertyPath: m_LocalRotation.w
      value: 0.98852915
      objectReference: {fileID: 0}
    m_RemovedComponents: []
  m_ParentPrefab: {fileID: 100100000, guid: 3124326d0318e6a44a4dcf684cdbbfd7, type: 2}
  m_IsPrefabParent: 0
--- !u!4 &1394104402 stripped
Transform:
  m_PrefabParentObject: {fileID: 4893508502620702, guid: 3124326d0318e6a44a4dcf684cdbbfd7,
    type: 2}
  m_PrefabInternal: {fileID: 1394104401}
--- !u!1 &1543678107
GameObject:
  m_ObjectHideFlags: 0
  m_PrefabParentObject: {fileID: 0}
  m_PrefabInternal: {fileID: 0}
  serializedVersion: 5
  m_Component:
  - component: {fileID: 1543678109}
  - component: {fileID: 1543678108}
  - component: {fileID: 1543678110}
  m_Layer: 0
  m_Name: CM vcam1
  m_TagString: Untagged
  m_Icon: {fileID: 0}
  m_NavMeshLayer: 0
  m_StaticEditorFlags: 0
  m_IsActive: 0
--- !u!114 &1543678108
MonoBehaviour:
  m_ObjectHideFlags: 0
  m_PrefabParentObject: {fileID: 0}
  m_PrefabInternal: {fileID: 0}
  m_GameObject: {fileID: 1543678107}
  m_Enabled: 1
  m_EditorHideFlags: 0
  m_Script: {fileID: 11500000, guid: 45e653bab7fb20e499bda25e1b646fea, type: 3}
  m_Name: 
  m_EditorClassIdentifier: 
  m_HideHeaderInInspector: 0
  m_ExcludedPropertiesInInspector:
  - m_Script
  m_LockStageInInspector: 
  m_Priority: 10
  m_LookAt: {fileID: 1598535793}
  m_Follow: {fileID: 1598535793}
  m_Lens:
    FieldOfView: 40
    OrthographicSize: 10
    NearClipPlane: 0.1
    FarClipPlane: 5000
    Dutch: 0
  m_ComponentOwner: {fileID: 1305061787}
--- !u!4 &1543678109
Transform:
  m_ObjectHideFlags: 0
  m_PrefabParentObject: {fileID: 0}
  m_PrefabInternal: {fileID: 0}
  m_GameObject: {fileID: 1543678107}
  m_LocalRotation: {x: 0, y: -0.7058294, z: 0, w: 0.70838195}
  m_LocalPosition: {x: 15.149999, y: 2.5604544, z: 5.757424}
  m_LocalScale: {x: 1, y: 1, z: 1}
  m_Children:
  - {fileID: 1305061787}
  m_Father: {fileID: 0}
  m_RootOrder: 6
  m_LocalEulerAnglesHint: {x: 0, y: 0, z: 0}
--- !u!95 &1543678110
Animator:
  serializedVersion: 3
  m_ObjectHideFlags: 0
  m_PrefabParentObject: {fileID: 0}
  m_PrefabInternal: {fileID: 0}
  m_GameObject: {fileID: 1543678107}
  m_Enabled: 1
  m_Avatar: {fileID: 0}
  m_Controller: {fileID: 0}
  m_CullingMode: 0
  m_UpdateMode: 0
  m_ApplyRootMotion: 1
  m_LinearVelocityBlending: 0
  m_WarningMessage: 
  m_HasTransformHierarchy: 1
  m_AllowConstantClipSamplingOptimization: 1
  m_KeepAnimatorControllerStateOnDisable: 0
--- !u!1 &1585643434
GameObject:
  m_ObjectHideFlags: 3
  m_PrefabParentObject: {fileID: 1704297150027786, guid: 4debef1a5c725bb479cf20930573ec0e,
    type: 2}
  m_PrefabInternal: {fileID: 0}
  serializedVersion: 5
  m_Component:
  - component: {fileID: 1585643438}
  - component: {fileID: 1585643437}
  - component: {fileID: 1585643436}
  - component: {fileID: 1585643435}
  m_Layer: 0
  m_Name: cm
  m_TagString: Untagged
  m_Icon: {fileID: 0}
  m_NavMeshLayer: 0
  m_StaticEditorFlags: 0
  m_IsActive: 1
--- !u!114 &1585643435
MonoBehaviour:
  m_ObjectHideFlags: 3
  m_PrefabParentObject: {fileID: 114088234430225576, guid: 4debef1a5c725bb479cf20930573ec0e,
    type: 2}
  m_PrefabInternal: {fileID: 0}
  m_GameObject: {fileID: 1585643434}
  m_Enabled: 1
  m_EditorHideFlags: 0
  m_Script: {fileID: 11500000, guid: fa7155796051b734daa718462081dc5f, type: 3}
  m_Name: 
  m_EditorClassIdentifier: 
  m_FollowOffset: {x: 0.32, y: 1.44, z: -0.41}
  m_XDamping: 1
  m_YDamping: 1
  m_ZDamping: 1
  m_BindingMode: 1
--- !u!114 &1585643436
MonoBehaviour:
  m_ObjectHideFlags: 3
  m_PrefabParentObject: {fileID: 114820664088151232, guid: 4debef1a5c725bb479cf20930573ec0e,
    type: 2}
  m_PrefabInternal: {fileID: 0}
  m_GameObject: {fileID: 1585643434}
  m_Enabled: 1
  m_EditorHideFlags: 0
  m_Script: {fileID: 11500000, guid: f4044717213e31446939f7bd49c896ea, type: 3}
  m_Name: 
  m_EditorClassIdentifier: 
  m_ShowGuides: 1
  m_TrackedObjectOffset: {x: 0, y: 0, z: 0}
  m_HorizontalDamping: 0.5
  m_VerticalDamping: 0.5
  m_ScreenX: 0.5
  m_ScreenY: 0.5
  m_DeadZoneWidth: 0.1
  m_DeadZoneHeight: 0.1
  m_SoftZoneWidth: 0.8
  m_SoftZoneHeight: 0.8
  m_BiasX: 0
  m_BiasY: 0
--- !u!114 &1585643437
MonoBehaviour:
  m_ObjectHideFlags: 3
  m_PrefabParentObject: {fileID: 114686268483851564, guid: 4debef1a5c725bb479cf20930573ec0e,
    type: 2}
  m_PrefabInternal: {fileID: 0}
  m_GameObject: {fileID: 1585643434}
  m_Enabled: 1
  m_EditorHideFlags: 0
  m_Script: {fileID: 11500000, guid: ac0b09e7857660247b1477e93731de29, type: 3}
  m_Name: 
  m_EditorClassIdentifier: 
--- !u!4 &1585643438
Transform:
  m_ObjectHideFlags: 3
  m_PrefabParentObject: {fileID: 4426490298131366, guid: 4debef1a5c725bb479cf20930573ec0e,
    type: 2}
  m_PrefabInternal: {fileID: 0}
  m_GameObject: {fileID: 1585643434}
  m_LocalRotation: {x: -0, y: -0, z: -0, w: 1}
  m_LocalPosition: {x: 0, y: 0, z: 0}
  m_LocalScale: {x: 1, y: 1, z: 1}
  m_Children: []
  m_Father: {fileID: 0}
  m_RootOrder: 1
  m_LocalEulerAnglesHint: {x: 0, y: 0, z: 0}
--- !u!1 &1598535791
GameObject:
  m_ObjectHideFlags: 0
  m_PrefabParentObject: {fileID: 0}
  m_PrefabInternal: {fileID: 0}
  serializedVersion: 5
  m_Component:
  - component: {fileID: 1598535793}
  - component: {fileID: 1598535792}
  m_Layer: 0
  m_Name: TargetGroup1
  m_TagString: Untagged
  m_Icon: {fileID: 0}
  m_NavMeshLayer: 0
  m_StaticEditorFlags: 0
  m_IsActive: 1
--- !u!114 &1598535792
MonoBehaviour:
  m_ObjectHideFlags: 0
  m_PrefabParentObject: {fileID: 0}
  m_PrefabInternal: {fileID: 0}
  m_GameObject: {fileID: 1598535791}
  m_Enabled: 1
  m_EditorHideFlags: 0
  m_Script: {fileID: 11500000, guid: e5eb80d8e62d9d145bb50fb783c0f731, type: 3}
  m_Name: 
  m_EditorClassIdentifier: 
  m_PositionMode: 0
  m_RotationMode: 0
  m_Targets:
  - target: {fileID: 1600511376}
    weight: 1
    radius: 1
  - target: {fileID: 1394104402}
    weight: 2
    radius: 1
--- !u!4 &1598535793
Transform:
  m_ObjectHideFlags: 0
  m_PrefabParentObject: {fileID: 0}
  m_PrefabInternal: {fileID: 0}
  m_GameObject: {fileID: 1598535791}
  m_LocalRotation: {x: 0, y: 0, z: 0, w: 1}
  m_LocalPosition: {x: 5.1500006, y: 3.3239439, z: 6.77213}
  m_LocalScale: {x: 1, y: 1, z: 1}
  m_Children: []
  m_Father: {fileID: 0}
  m_RootOrder: 4
  m_LocalEulerAnglesHint: {x: 0, y: 0, z: 0}
--- !u!1001 &1600511375
Prefab:
  m_ObjectHideFlags: 0
  serializedVersion: 2
  m_Modification:
    m_TransformParent: {fileID: 0}
    m_Modifications:
    - target: {fileID: 4925195102831800, guid: b200fad7efdbbaf4f995c17ca075ed40, type: 2}
      propertyPath: m_LocalPosition.x
      value: 5.26
      objectReference: {fileID: 0}
    - target: {fileID: 4925195102831800, guid: b200fad7efdbbaf4f995c17ca075ed40, type: 2}
      propertyPath: m_LocalPosition.y
      value: 2.55
      objectReference: {fileID: 0}
    - target: {fileID: 4925195102831800, guid: b200fad7efdbbaf4f995c17ca075ed40, type: 2}
      propertyPath: m_LocalPosition.z
      value: 6.436
      objectReference: {fileID: 0}
    - target: {fileID: 4925195102831800, guid: b200fad7efdbbaf4f995c17ca075ed40, type: 2}
      propertyPath: m_LocalRotation.x
      value: 0
      objectReference: {fileID: 0}
    - target: {fileID: 4925195102831800, guid: b200fad7efdbbaf4f995c17ca075ed40, type: 2}
      propertyPath: m_LocalRotation.y
      value: 1
      objectReference: {fileID: 0}
    - target: {fileID: 4925195102831800, guid: b200fad7efdbbaf4f995c17ca075ed40, type: 2}
      propertyPath: m_LocalRotation.z
      value: 0
      objectReference: {fileID: 0}
    - target: {fileID: 4925195102831800, guid: b200fad7efdbbaf4f995c17ca075ed40, type: 2}
      propertyPath: m_LocalRotation.w
      value: 0
      objectReference: {fileID: 0}
    - target: {fileID: 4925195102831800, guid: b200fad7efdbbaf4f995c17ca075ed40, type: 2}
      propertyPath: m_RootOrder
      value: 2
      objectReference: {fileID: 0}
    - target: {fileID: 4571643708349808, guid: b200fad7efdbbaf4f995c17ca075ed40, type: 2}
      propertyPath: m_LocalRotation.x
      value: 0.003988574
      objectReference: {fileID: 0}
    - target: {fileID: 4571643708349808, guid: b200fad7efdbbaf4f995c17ca075ed40, type: 2}
      propertyPath: m_LocalRotation.z
      value: 0.03858388
      objectReference: {fileID: 0}
    - target: {fileID: 4331990763378498, guid: b200fad7efdbbaf4f995c17ca075ed40, type: 2}
      propertyPath: m_LocalRotation.x
      value: -0.5542052
      objectReference: {fileID: 0}
    - target: {fileID: 4331990763378498, guid: b200fad7efdbbaf4f995c17ca075ed40, type: 2}
      propertyPath: m_LocalRotation.y
      value: -0.41984978
      objectReference: {fileID: 0}
    - target: {fileID: 4331990763378498, guid: b200fad7efdbbaf4f995c17ca075ed40, type: 2}
      propertyPath: m_LocalRotation.z
      value: 0.12272929
      objectReference: {fileID: 0}
    - target: {fileID: 4331990763378498, guid: b200fad7efdbbaf4f995c17ca075ed40, type: 2}
      propertyPath: m_LocalRotation.w
      value: 0.7081811
      objectReference: {fileID: 0}
    - target: {fileID: 4925195102831800, guid: b200fad7efdbbaf4f995c17ca075ed40, type: 2}
      propertyPath: m_LocalEulerAnglesHint.y
      value: 180
      objectReference: {fileID: 0}
    m_RemovedComponents: []
  m_ParentPrefab: {fileID: 100100000, guid: b200fad7efdbbaf4f995c17ca075ed40, type: 2}
  m_IsPrefabParent: 0
--- !u!4 &1600511376 stripped
Transform:
  m_PrefabParentObject: {fileID: 4925195102831800, guid: b200fad7efdbbaf4f995c17ca075ed40,
    type: 2}
  m_PrefabInternal: {fileID: 1600511375}
--- !u!1 &1692283392
GameObject:
  m_ObjectHideFlags: 0
  m_PrefabParentObject: {fileID: 0}
  m_PrefabInternal: {fileID: 0}
  serializedVersion: 5
  m_Component:
  - component: {fileID: 1692283396}
  - component: {fileID: 1692283395}
  - component: {fileID: 1692283394}
  - component: {fileID: 1692283393}
  - component: {fileID: 1692283397}
  m_Layer: 0
  m_Name: Main Camera
  m_TagString: MainCamera
  m_Icon: {fileID: 0}
  m_NavMeshLayer: 0
  m_StaticEditorFlags: 0
  m_IsActive: 1
--- !u!81 &1692283393
AudioListener:
  m_ObjectHideFlags: 0
  m_PrefabParentObject: {fileID: 0}
  m_PrefabInternal: {fileID: 0}
  m_GameObject: {fileID: 1692283392}
  m_Enabled: 1
--- !u!124 &1692283394
Behaviour:
  m_ObjectHideFlags: 0
  m_PrefabParentObject: {fileID: 0}
  m_PrefabInternal: {fileID: 0}
  m_GameObject: {fileID: 1692283392}
  m_Enabled: 1
--- !u!20 &1692283395
Camera:
  m_ObjectHideFlags: 0
  m_PrefabParentObject: {fileID: 0}
  m_PrefabInternal: {fileID: 0}
  m_GameObject: {fileID: 1692283392}
  m_Enabled: 1
  serializedVersion: 2
  m_ClearFlags: 1
  m_BackGroundColor: {r: 0.19215687, g: 0.3019608, b: 0.4745098, a: 0}
  m_NormalizedViewPortRect:
    serializedVersion: 2
    x: 0
    y: 0
    width: 1
    height: 1
  near clip plane: 0.1
  far clip plane: 5000
  field of view: 40
  orthographic: 0
  orthographic size: 10
  m_Depth: -1
  m_CullingMask:
    serializedVersion: 2
    m_Bits: 4294967295
  m_RenderingPath: -1
  m_TargetTexture: {fileID: 0}
  m_TargetDisplay: 0
  m_TargetEye: 3
  m_HDR: 1
  m_AllowMSAA: 1
  m_AllowDynamicResolution: 0
  m_ForceIntoRT: 0
  m_OcclusionCulling: 1
  m_StereoConvergence: 10
  m_StereoSeparation: 0.022
--- !u!4 &1692283396
Transform:
  m_ObjectHideFlags: 0
  m_PrefabParentObject: {fileID: 0}
  m_PrefabInternal: {fileID: 0}
  m_GameObject: {fileID: 1692283392}
  m_LocalRotation: {x: -0.016477095, y: -0.059813675, z: -0.0009874583, w: 0.50454336}
  m_LocalPosition: {x: 6.068, y: 3.628, z: -0.28599998}
  m_LocalScale: {x: 1, y: 1, z: 1}
  m_Children: []
  m_Father: {fileID: 0}
  m_RootOrder: 0
  m_LocalEulerAnglesHint: {x: 0, y: 0, z: 0}
--- !u!114 &1692283397
MonoBehaviour:
  m_ObjectHideFlags: 0
  m_PrefabParentObject: {fileID: 0}
  m_PrefabInternal: {fileID: 0}
  m_GameObject: {fileID: 1692283392}
  m_Enabled: 1
  m_EditorHideFlags: 0
  m_Script: {fileID: 11500000, guid: 72ece51f2901e7445ab60da3685d6b5f, type: 3}
  m_Name: 
  m_EditorClassIdentifier: 
  m_ShowDebugText: 0
  m_ShowCameraFrustum: 1
  m_WorldUpOverride: {fileID: 0}
  m_UpdateMethod: 2
  m_DefaultBlend:
    m_Style: 1
    m_Time: 2
  m_CustomBlends: {fileID: 0}
  m_CameraCutEvent:
    m_PersistentCalls:
      m_Calls: []
    m_TypeName: UnityEngine.Events.UnityEvent, UnityEngine.CoreModule, Version=0.0.0.0,
      Culture=neutral, PublicKeyToken=null
  m_CameraActivatedEvent:
    m_PersistentCalls:
      m_Calls: []
    m_TypeName: UnityEngine.Events.UnityEvent, UnityEngine.CoreModule, Version=0.0.0.0,
      Culture=neutral, PublicKeyToken=null
--- !u!1 &1844590483 stripped
GameObject:
  m_PrefabParentObject: {fileID: 1167730474481316, guid: b200fad7efdbbaf4f995c17ca075ed40,
    type: 2}
  m_PrefabInternal: {fileID: 1600511375}
--- !u!1 &2040333607
GameObject:
  m_ObjectHideFlags: 0
  m_PrefabParentObject: {fileID: 0}
  m_PrefabInternal: {fileID: 0}
  serializedVersion: 5
  m_Component:
  - component: {fileID: 2040333609}
  - component: {fileID: 2040333608}
  m_Layer: 0
  m_Name: Directional Light
  m_TagString: Untagged
  m_Icon: {fileID: 0}
  m_NavMeshLayer: 0
  m_StaticEditorFlags: 0
  m_IsActive: 1
--- !u!108 &2040333608
Light:
  m_ObjectHideFlags: 0
  m_PrefabParentObject: {fileID: 0}
  m_PrefabInternal: {fileID: 0}
  m_GameObject: {fileID: 2040333607}
  m_Enabled: 1
  serializedVersion: 8
  m_Type: 1
  m_Color: {r: 1, g: 0.95686275, b: 0.8392157, a: 1}
  m_Intensity: 1
  m_Range: 10
  m_SpotAngle: 30
  m_CookieSize: 10
  m_Shadows:
    m_Type: 2
    m_Resolution: -1
    m_CustomResolution: -1
    m_Strength: 1
    m_Bias: 0.05
    m_NormalBias: 0.4
    m_NearPlane: 0.2
  m_Cookie: {fileID: 0}
  m_DrawHalo: 0
  m_Flare: {fileID: 0}
  m_RenderMode: 0
  m_CullingMask:
    serializedVersion: 2
    m_Bits: 4294967295
  m_Lightmapping: 4
  m_AreaSize: {x: 1, y: 1}
  m_BounceIntensity: 1
  m_ColorTemperature: 6570
  m_UseColorTemperature: 0
  m_ShadowRadius: 0
  m_ShadowAngle: 0
--- !u!4 &2040333609
Transform:
  m_ObjectHideFlags: 0
  m_PrefabParentObject: {fileID: 0}
  m_PrefabInternal: {fileID: 0}
  m_GameObject: {fileID: 2040333607}
  m_LocalRotation: {x: 0.40821788, y: -0.23456968, z: 0.10938163, w: 0.8754261}
  m_LocalPosition: {x: 0, y: 3, z: 0}
  m_LocalScale: {x: 1, y: 1, z: 1}
  m_Children: []
  m_Father: {fileID: 0}
  m_RootOrder: 5
  m_LocalEulerAnglesHint: {x: 50, y: -30, z: 0}
